1757 3062
515 82 1345 180 ἴῖἓ)<ῑῑ(”3ἒ,,.’
1488 113 1579 169 Ίς

67 244 339 321 pereas,
389 229 679 302 sed'dein
717 256 806 328 ex
837 231 1252 327 ipsaSibiria
1277 258 1433 311 acce
1485 245 1504 311 i
1560 306 1563 307 γ

73 327 642 412 nucesminoreS,
670 322 892 418 rufas;
934 348 1011 399 vt
1050 350 1217 420 ergo
1249 330 1383 402 hoc
1466 337 1506 402 i-

73 412 358 486 scrimen
393 417 708 487 arborem
751 418 1079 493 fibirieam
1114 422 1186 492 ὅτ
1237 422 1509 495 helueti·
1591 451 1601 454 “

74 530 222 579 cam
248 506 598 602 seiungere
625 533 763 582 non
789 513 1007 605 poffit.
1174 542 1177 544 ·

155 757 159 760 ,
725 690 859 760 IV.

157 795 442 871 Salicem
465 800 1040 892 procumbentem
1074 799 1249 872 foliis
1280 801 1509 876 ouato³

68 888 448 983 lanceolatis
509 890 746 963 subtus
790 890 1050 964 sericeis
1119 917 1401 987 qu„
1440 893 1515 966 lz··

61 996 231 1072 gott.
254 1008 323 1076 p.
353 996 412 1068 8.
441 990 796 1077 repetitam
827 991 895 1056 in
935 984 1260 1058 Emendat.
1293 989 1394 1057 III.
1435 1010 1502 1082 p·

65 1096 162 1167 33.
206 1100 284 1147 n.·
310 1098 431 1170 94.
474 1078 645 1147 duce
691 1101 929 1150 PRAE
956 1101 1397 1150 CEPTORE
1443 1086 1509 1152 in

65 1167 384 1239 torfaceis
430 1170 842 1242 Cellenfibus
875 1171 1142 1243 abunde
1163 1172 1315 1265 legi,
1347 1196 1510 1249 cum

63 1259 239 1332 flore
259 1262 412 1332 dein
439 1263 695 1334 miffam
724 1264 806 1335 ab
835 1266 1289 1357 expertissimo
1317 1270 1384 1336 in
1401 1289 1508 1336 au·

62 1352 129 1423 la
184 1354 691 1427 Hannouerana
753 1358 1302 1451 pharmacopoeo
1375 1359 1509 1431 Dn.

67 1472 117 1517 A
138 1470 190 1517 N
209 1462 255 1517 D'
275 1471 323 1520 R
345 1472 384 1517 E
403 1471 464 1518 E.
515 1450 703 1541 Dum
733 1474 899 1519 vero
941 1450 1240 1542 plantam
1267 1449 1508 1521 floren-

65 1562 205 1611 tem
259 1564 419 1611 cum
457 1545 652 1612 icone
687 1541 913 1614 Salicis
949 1541 1196 1633 humilis
1229 1545 1506 1637 repentis

64 1655 113 1708 L
136 1657 254 1703 OB.
287 1634 442 1705 icon.
473 1637 547 1704 ΙΙ.
598 1657 667 1727 p.
711 1646 842 1726 138.
894 1633 1323 1728 aduersanp.
1357 1655 1506 1728 423.

62 1723 380 1816 confem,
415 1749 576 1797 tunc
608 1734 886 1798 omnino
924 1731 1212 1820 Vtraque
1240 1726 1507 1798 differre

63 1819 352 1892 videtur.
434 1818 809 1890 Lobeliawae
837 1825 1015 1891 enim
1048 1819 1228 1911 julus
1254 1819 1506 1891 florens

62 1936 290 1984 ramos
320 1917 661 2002 terminat,
707 1918 937 2007 paucis
963 1909 1244 2005 capsulis
1267 1914 1504 1983 instru·

64 2005 244 2096 filus,
294 2026 588 2098 quatuor
627 2006 698 2075 &
751 2009 1070 2098 quinque.
1173 2005 1494 2089 ,Cellenfis

62 2123 229 2170 vero
247 2097 367 2188 juli
388 2098 684 2167 laterales
722 2095 905 2183 sunt,
952 2094 1234 2189 capsulis
1265 2120 1495 2168 nume-

60 2191 394 2262 rofiffimis
424 2211 508 2282 30
544 2189 649 2261 vel
690 2212 788 2276 40
832 2189 1143 2260 instruffi.
1237 2210 1282 2258 L
1304 2212 1345 2259 ο
1368 2212 1405 2259 Β
1425 2212 1491 2259 13-

63 2306 109 2356 1„
130 2309 152 2352 1
171 2307 216 2353 v
235 2307 265 2353 s
294 2283 469 2371 dicit,
496 2279 681 2353 suam
720 2283 1015 2373 plantam
1044 2286 1111 2351 in
1143 2282 1490 2353 montibus

61 2375 427 2447 Sabaudiae
451 2433 469 2464 ‚
530 2375 1099 2468 Lugdunensibus
1155 2374 1226 2444 8(
1268 2376 1489 2467 Vega-

63 2473 186 2538 niis
215 2466 406 2555 nasci,
432 2470 654 2538 nostra
682 2472 745 2560 in
772 2468 1038 2562 planitie
1062 2461 1313 2537 torfosa
1337 2489 1492 2559 pro-

63 2565 265 2631 uenit.
367 2561 454 2628 Et
478 2559 671 2630 valde
698 2556 996 2649 suspicor
1022 2560 1317 2650 plantam
1350 2580 1394 2626 L
1414 2579 1482 2627 o-

64 2678 104 2725 B
126 2677 165 2722 E
182 2673 226 2720 L
246 2675 309 2721 11
332 2652 459 2722 effe
482 2651 760 2722 Salicem
785 2651 959 2722 foliis
993 2650 1295 2719 laeuibus
1331 2672 1482 2720 oua-

62 2752 145 2819 tis
182 2747 646 2837 integerrimiS,
666 2743 822 2911 jugis
847 2742 1230 2835 paucifloris
1250 2760 1485 2813 HALI„

837 2859 887 2922 4
1301 2857 1487 2907 emen¹¹
